%YAML 1.1
%TAG !u! tag:unity3d.com,2011:
--- !u!1 &3352997054047351240
GameObject:
  m_ObjectHideFlags: 0
  m_CorrespondingSourceObject: {fileID: 0}
  m_PrefabInstance: {fileID: 0}
  m_PrefabAsset: {fileID: 0}
  serializedVersion: 6
  m_Component:
  - component: {fileID: 3352997054047351237}
  - component: {fileID: 3352997054047351236}
  - component: {fileID: 3352997054047351243}
  - component: {fileID: 3352997054047351242}
  - component: {fileID: 3352997054047351241}
  m_Layer: 0
  m_Name: EnnemiGhost
  m_TagString: Monster
  m_Icon: {fileID: 0}
  m_NavMeshLayer: 0
  m_StaticEditorFlags: 0
  m_IsActive: 1
--- !u!4 &3352997054047351237
Transform:
  m_ObjectHideFlags: 0
  m_CorrespondingSourceObject: {fileID: 0}
  m_PrefabInstance: {fileID: 0}
  m_PrefabAsset: {fileID: 0}
  m_GameObject: {fileID: 3352997054047351240}
  m_LocalRotation: {x: 0, y: 0, z: 0, w: 1}
  m_LocalPosition: {x: 2.39, y: 1.88, z: 0}
  m_LocalScale: {x: 1, y: 1, z: 1}
  m_Children:
  - {fileID: 7003898817619933880}
  - {fileID: 6867312528758306384}
  m_Father: {fileID: 0}
  m_RootOrder: 0
  m_LocalEulerAnglesHint: {x: 0, y: 0, z: 0}
--- !u!212 &3352997054047351236
SpriteRenderer:
  m_ObjectHideFlags: 0
  m_CorrespondingSourceObject: {fileID: 0}
  m_PrefabInstance: {fileID: 0}
  m_PrefabAsset: {fileID: 0}
  m_GameObject: {fileID: 3352997054047351240}
  m_Enabled: 1
  m_CastShadows: 0
  m_ReceiveShadows: 0
  m_DynamicOccludee: 1
  m_MotionVectors: 1
  m_LightProbeUsage: 1
  m_ReflectionProbeUsage: 1
  m_RayTracingMode: 0
  m_RenderingLayerMask: 1
  m_RendererPriority: 0
  m_Materials:
  - {fileID: 2100000, guid: a97c105638bdf8b4a8650670310a4cd3, type: 2}
  m_StaticBatchInfo:
    firstSubMesh: 0
    subMeshCount: 0
  m_StaticBatchRoot: {fileID: 0}
  m_ProbeAnchor: {fileID: 0}
  m_LightProbeVolumeOverride: {fileID: 0}
  m_ScaleInLightmap: 1
  m_ReceiveGI: 1
  m_PreserveUVs: 0
  m_IgnoreNormalsForChartDetection: 0
  m_ImportantGI: 0
  m_StitchLightmapSeams: 1
  m_SelectedEditorRenderState: 0
  m_MinimumChartSize: 4
  m_AutoUVMaxDistance: 0.5
  m_AutoUVMaxAngle: 89
  m_LightmapParameters: {fileID: 0}
  m_SortingLayerID: 0
  m_SortingLayer: 0
  m_SortingOrder: 0
  m_Sprite: {fileID: -858542527952453794, guid: 21a1fc58b33e13c4ebb3f57fff520a76,
    type: 3}
  m_Color: {r: 1, g: 1, b: 1, a: 1}
  m_FlipX: 0
  m_FlipY: 0
  m_DrawMode: 0
  m_Size: {x: 1.56, y: 1.6}
  m_AdaptiveModeThreshold: 0.5
  m_SpriteTileMode: 0
  m_WasSpriteAssigned: 1
  m_MaskInteraction: 0
  m_SpriteSortPoint: 0
--- !u!114 &3352997054047351243
MonoBehaviour:
  m_ObjectHideFlags: 0
  m_CorrespondingSourceObject: {fileID: 0}
  m_PrefabInstance: {fileID: 0}
  m_PrefabAsset: {fileID: 0}
  m_GameObject: {fileID: 3352997054047351240}
  m_Enabled: 1
  m_EditorHideFlags: 0
  m_Script: {fileID: 11500000, guid: 6be479d5407f2c0479e7c197816bf7f9, type: 3}
  m_Name: 
  m_EditorClassIdentifier: 
  radius: 10
  speed: 3
  destination: {x: 0, y: 0}
  entitie: 0
--- !u!61 &3352997054047351242
BoxCollider2D:
  m_ObjectHideFlags: 0
  m_CorrespondingSourceObject: {fileID: 0}
  m_PrefabInstance: {fileID: 0}
  m_PrefabAsset: {fileID: 0}
  m_GameObject: {fileID: 3352997054047351240}
  m_Enabled: 1
  m_Density: 1
  m_Material: {fileID: 0}
  m_IsTrigger: 0
  m_UsedByEffector: 0
  m_UsedByComposite: 0
  m_Offset: {x: 0.03125912, y: 0.099758744}
  m_SpriteTilingProperty:
    border: {x: 0, y: 0, z: 0, w: 0}
    pivot: {x: 0.5, y: 0.5}
    oldSize: {x: 2.56, y: 2.56}
    newSize: {x: 1.56, y: 1.6}
    adaptiveTilingThreshold: 0.5
    drawMode: 0
    adaptiveTiling: 0
  m_AutoTiling: 0
  serializedVersion: 2
  m_Size: {x: 1.2088937, y: 1.8993082}
  m_EdgeRadius: 0
--- !u!95 &3352997054047351241
Animator:
  serializedVersion: 3
  m_ObjectHideFlags: 0
  m_CorrespondingSourceObject: {fileID: 0}
  m_PrefabInstance: {fileID: 0}
  m_PrefabAsset: {fileID: 0}
  m_GameObject: {fileID: 3352997054047351240}
  m_Enabled: 1
  m_Avatar: {fileID: 0}
  m_Controller: {fileID: 9100000, guid: 7cb37e1c54027df458bb1835c5f32354, type: 2}
  m_CullingMode: 0
  m_UpdateMode: 0
  m_ApplyRootMotion: 0
  m_LinearVelocityBlending: 0
  m_WarningMessage: 
  m_HasTransformHierarchy: 1
  m_AllowConstantClipSamplingOptimization: 1
  m_KeepAnimatorControllerStateOnDisable: 0
--- !u!1 &4938620346649097561
GameObject:
  m_ObjectHideFlags: 0
  m_CorrespondingSourceObject: {fileID: 0}
  m_PrefabInstance: {fileID: 0}
  m_PrefabAsset: {fileID: 0}
  serializedVersion: 6
  m_Component:
  - component: {fileID: 6867312528758306384}
  - component: {fileID: 3905501916142758190}
  m_Layer: 0
  m_Name: LeftEye
  m_TagString: Untagged
  m_Icon: {fileID: 0}
  m_NavMeshLayer: 0
  m_StaticEditorFlags: 0
  m_IsActive: 1
--- !u!4 &6867312528758306384
Transform:
  m_ObjectHideFlags: 0
  m_CorrespondingSourceObject: {fileID: 0}
  m_PrefabInstance: {fileID: 0}
  m_PrefabAsset: {fileID: 0}
  m_GameObject: {fileID: 4938620346649097561}
  m_LocalRotation: {x: -0, y: -0, z: -0, w: 1}
  m_LocalPosition: {x: 0.199, y: 0.361, z: 0}
  m_LocalScale: {x: 1, y: 1, z: 1}
  m_Children: []
  m_Father: {fileID: 3352997054047351237}
  m_RootOrder: 1
  m_LocalEulerAnglesHint: {x: 0, y: 0, z: 0}
--- !u!114 &3905501916142758190
MonoBehaviour:
  m_ObjectHideFlags: 0
  m_CorrespondingSourceObject: {fileID: 0}
  m_PrefabInstance: {fileID: 0}
  m_PrefabAsset: {fileID: 0}
  m_GameObject: {fileID: 4938620346649097561}
  m_Enabled: 1
  m_EditorHideFlags: 0
  m_Script: {fileID: 11500000, guid: 073797afb82c5a1438f328866b10b3f0, type: 3}
  m_Name: 
  m_EditorClassIdentifier: 
  m_LightType: 3
  m_BlendStyleIndex: 0
  m_FalloffIntensity: 0.5
  m_Color: {r: 1, g: 0, b: 0, a: 1}
  m_Intensity: 1
  m_LightVolumeOpacity: 0
  m_ApplyToSortingLayers: 00000000
  m_LightCookieSprite: {fileID: 0}
  m_UseNormalMap: 0
  m_LightOrder: 0
  m_AlphaBlendOnOverlap: 0
  m_ShadowIntensity: 0
  m_ShadowVolumeIntensity: 0
  m_PointLightInnerAngle: 360
  m_PointLightOuterAngle: 360
  m_PointLightInnerRadius: 0
  m_PointLightOuterRadius: 0.1
  m_PointLightDistance: 3
  m_PointLightQuality: 1
  m_ShapeLightParametricSides: 5
  m_ShapeLightParametricAngleOffset: 0
  m_ShapeLightParametricRadius: 1
  m_ShapeLightFalloffSize: 0.5
  m_ShapeLightFalloffOffset: {x: 0, y: 0}
  m_ShapePath:
  - {x: -0.5, y: -0.5, z: 0}
  - {x: 0.5, y: -0.5, z: 0}
  - {x: 0.5, y: 0.5, z: 0}
  - {x: -0.5, y: 0.5, z: 0}
--- !u!1 &6698391915931797946
GameObject:
  m_ObjectHideFlags: 0
  m_CorrespondingSourceObject: {fileID: 0}
  m_PrefabInstance: {fileID: 0}
  m_PrefabAsset: {fileID: 0}
  serializedVersion: 6
  m_Component:
  - component: {fileID: 7003898817619933880}
  - component: {fileID: 4376996303864484742}
  m_Layer: 0
  m_Name: RightEye
  m_TagString: Untagged
  m_Icon: {fileID: 0}
  m_NavMeshLayer: 0
  m_StaticEditorFlags: 0
  m_IsActive: 1
--- !u!4 &7003898817619933880
Transform:
  m_ObjectHideFlags: 0
  m_CorrespondingSourceObject: {fileID: 0}
  m_PrefabInstance: {fileID: 0}
  m_PrefabAsset: {fileID: 0}
  m_GameObject: {fileID: 6698391915931797946}
  m_LocalRotation: {x: -0, y: -0, z: -0, w: 1}
  m_LocalPosition: {x: -0.119, y: 0.3620001, z: 0}
  m_LocalScale: {x: 1, y: 1, z: 1}
  m_Children: []
  m_Father: {fileID: 3352997054047351237}
  m_RootOrder: 0
  m_LocalEulerAnglesHint: {x: 0, y: 0, z: 0}
--- !u!114 &4376996303864484742
MonoBehaviour:
  m_ObjectHideFlags: 0
  m_CorrespondingSourceObject: {fileID: 0}
  m_PrefabInstance: {fileID: 0}
  m_PrefabAsset: {fileID: 0}
  m_GameObject: {fileID: 6698391915931797946}
  m_Enabled: 1
  m_EditorHideFlags: 0
  m_Script: {fileID: 11500000, guid: 073797afb82c5a1438f328866b10b3f0, type: 3}
  m_Name: 
  m_EditorClassIdentifier: 
  m_LightType: 3
  m_BlendStyleIndex: 0
  m_FalloffIntensity: 0.5
  m_Color: {r: 1, g: 0, b: 0, a: 1}
  m_Intensity: 1
  m_LightVolumeOpacity: 0
  m_ApplyToSortingLayers: 00000000
  m_LightCookieSprite: {fileID: 0}
  m_UseNormalMap: 0
  m_LightOrder: 0
  m_AlphaBlendOnOverlap: 0
  m_ShadowIntensity: 0
  m_ShadowVolumeIntensity: 0
  m_PointLightInnerAngle: 360
  m_PointLightOuterAngle: 360
  m_PointLightInnerRadius: 0
  m_PointLightOuterRadius: 0.1
  m_PointLightDistance: 3
  m_PointLightQuality: 1
  m_ShapeLightParametricSides: 5
  m_ShapeLightParametricAngleOffset: 0
  m_ShapeLightParametricRadius: 1
  m_ShapeLightFalloffSize: 0.5
  m_ShapeLightFalloffOffset: {x: 0, y: 0}
  m_ShapePath:
  - {x: -0.5, y: -0.5, z: 0}
  - {x: 0.5, y: -0.5, z: 0}
  - {x: 0.5, y: 0.5, z: 0}
  - {x: -0.5, y: 0.5, z: 0}
